@book{steele1984common,
  title={Common LISP the Language},
  author={Steele, Guy},
  journal={Bedford: Digital Press},
  year={1984},
  edition="First edition"
}

@book{steele1990common,
  title={Common LISP the Language, Second Edition},
  author={Steele, Guy},
  journal={Bedford: Digital Press},
  year={1990},
  edition="Second edition"
}

@book{gamma1995design,
  title={Design patterns: elements of reusable object-oriented software},
  author={Gamma, Erich},
  year={1995},
  publisher={Pearson Education India}
}

@book{milner1997definition,
  title={The definition of standard ML: revised},
  author={Milner, Robin},
  year={1997},
  publisher={MIT press}
}

@book{laurent2014introducing,
  title={Introducing Elixir: Getting Started in Functional Programming},
  author={Laurent, Simon St and Eisenberg, J David},
  year={2014},
  pages={24--37},
  publisher={" O'Reilly Media, Inc."}
}
