@inproceedings{DBLP:conf/sle/OverbeyJ08,
  author    = {Jeffrey L. Overbey and
               Ralph E. Johnson},
  title     = {Generating Rewritable Abstract Syntax Trees},
  booktitle = {Software Language Engineering, First International Conference, {SLE}
               2008, Toulouse, France, September 29-30, 2008. Revised Selected Papers},
  pages     = {114--133},
  year      = {2008},
  crossref  = {DBLP:conf/sle/2008},
  url       = {http://dx.doi.org/10.1007/978-3-642-00434-6_8},
  doi       = {10.1007/978-3-642-00434-6_8},
  timestamp = {Mon, 30 Mar 2009 12:32:54 +0200},
  biburl    = {http://dblp.uni-trier.de/rec/bib/conf/sle/OverbeyJ08},
  bibsource = {dblp computer science bibliography, http://dblp.org}
}
@proceedings{DBLP:conf/sle/2008,
  editor    = {Dragan Gasevic and
               Ralf L{\"{a}}mmel and
               Eric Van Wyk},
  title     = {Software Language Engineering, First International Conference, {SLE}
               2008, Toulouse, France, September 29-30, 2008. Revised Selected Papers},
  series    = {Lecture Notes in Computer Science},
  volume    = {5452},
  publisher = {Springer},
  year      = {2009},
  url       = {http://dx.doi.org/10.1007/978-3-642-00434-6},
  doi       = {10.1007/978-3-642-00434-6},
  isbn      = {978-3-642-00433-9},
  timestamp = {Mon, 30 Mar 2009 12:26:21 +0200},
  biburl    = {http://dblp.uni-trier.de/rec/bib/conf/sle/2008},
  bibsource = {dblp computer science bibliography, http://dblp.org}
}

@article{DBLP:journals/cl/Noonan85,
  author    = {Robert E. Noonan},
  title     = {An Algorithm for Generating Abstract Syntax Trees},
  journal   = {Comput. Lang.},
  volume    = {10},
  number    = {3/4},
  pages     = {225--236},
  year      = {1985},
  url       = {http://dx.doi.org/10.1016/0096-0551(85)90018-9},
  doi       = {10.1016/0096-0551(85)90018-9},
  timestamp = {Tue, 05 Jul 2011 17:31:02 +0200},
  biburl    = {http://dblp.uni-trier.de/rec/bib/journals/cl/Noonan85},
  bibsource = {dblp computer science bibliography, http://dblp.org}
}

@phdthesis{martinez2014accurate,
  title={Accurate Extraction of Bug Fix Pattern Occurrences using Abstract Syntax Tree Analysis},
  author={Martinez, Matias and Duchien, Laurence and Monperrus, Martin},
  year={2014},
  school={Inria}
}

@inproceedings{DBLP:conf/dsl/Crew97,
  author    = {Roger F. Crew},
  title     = {{ASTLOG:} {A} Language for Examining Abstract Syntax Trees},
  booktitle = {Proceedings of the Conference on Domain-Specific Languages, DSL'97,
               Santa Barbara, California, USA, October 15-17, 1997},
  year      = {1997},
  crossref  = {DBLP:conf/dsl/1997},
  url       = {http://www.usenix.org/publications/library/proceedings/dsl97/crew.html},
  timestamp = {Thu, 15 May 2014 18:36:22 +0200},
  biburl    = {http://dblp.uni-trier.de/rec/bib/conf/dsl/Crew97},
  bibsource = {dblp computer science bibliography, http://dblp.org}
}
@proceedings{DBLP:conf/dsl/1997,
  editor    = {Chris Ramming},
  title     = {Proceedings of the Conference on Domain-Specific Languages, DSL'97,
               Santa Barbara, California, USA, October 15-17, 1997},
  publisher = {{USENIX}},
  year      = {1997},
  url       = {https://www.usenix.org/publications/proceedings/?f[0]=im_group_audience%3A289},
  timestamp = {Thu, 15 May 2014 18:36:22 +0200},
  biburl    = {http://dblp.uni-trier.de/rec/bib/conf/dsl/1997},
  bibsource = {dblp computer science bibliography, http://dblp.org}
}

@inproceedings{DBLP:conf/kbse/Welty97,
  author    = {Christopher A. Welty},
  title     = {Augmenting Abstract Syntax Trees for Program Understanding},
  booktitle = {1997 International Conference on Automated Software Engineering, {ASE}
               1997, Lake Tahoe, CA, USA, November 2-5, 1997},
  pages     = {126--133},
  year      = {1997},
  crossref  = {DBLP:conf/kbse/1997},
  url       = {http://dx.doi.org/10.1109/ASE.1997.632832},
  doi       = {10.1109/ASE.1997.632832},
  timestamp = {Fri, 14 Aug 2015 14:46:09 +0200},
  biburl    = {http://dblp.uni-trier.de/rec/bib/conf/kbse/Welty97},
  bibsource = {dblp computer science bibliography, http://dblp.org}
}
@proceedings{DBLP:conf/kbse/1997,
  title     = {1997 International Conference on Automated Software Engineering, {ASE}
               1997, Lake Tahoe, CA, USA, November 2-5, 1997},
  publisher = {{IEEE} Computer Society},
  year      = {1997},
  url       = {http://ieeexplore.ieee.org/xpl/mostRecentIssue.jsp?punumber=5003},
  isbn      = {0-8186-7961-1},
  timestamp = {Thu, 13 Aug 2015 18:46:50 +0200},
  biburl    = {http://dblp.uni-trier.de/rec/bib/conf/kbse/1997},
  bibsource = {dblp computer science bibliography, http://dblp.org}
}

@inproceedings{DBLP:conf/saci/LazarB14,
  author    = {Flavius{-}Mihai Lazar and
               Ovidiu Banias},
  title     = {Clone detection algorithm based on the Abstract Syntax Tree approach},
  booktitle = {9th {IEEE} International Symposium on Applied Computational Intelligence
               and Informatics, {SACI} 2014, Timisoara, Romania, May 15-17, 2014},
  pages     = {73--78},
  year      = {2014},
  crossref  = {DBLP:conf/saci/2014},
  url       = {http://dx.doi.org/10.1109/SACI.2014.6840038},
  doi       = {10.1109/SACI.2014.6840038},
  timestamp = {Wed, 08 Oct 2014 17:36:08 +0200},
  biburl    = {http://dblp.uni-trier.de/rec/bib/conf/saci/LazarB14},
  bibsource = {dblp computer science bibliography, http://dblp.org}
}
@proceedings{DBLP:conf/saci/2014,
  title     = {9th {IEEE} International Symposium on Applied Computational Intelligence
               and Informatics, {SACI} 2014, Timisoara, Romania, May 15-17, 2014},
  publisher = {{IEEE}},
  year      = {2014},
  url       = {http://ieeexplore.ieee.org/xpl/mostRecentIssue.jsp?punumber=6826040},
  isbn      = {978-1-4799-4694-5},
  timestamp = {Wed, 08 Oct 2014 17:36:08 +0200},
  biburl    = {http://dblp.uni-trier.de/rec/bib/conf/saci/2014},
  bibsource = {dblp computer science bibliography, http://dblp.org}
}

@inproceedings{peter2008duplicate,
  title={Duplicate code detection using anti-unification},
  author={Peter, Bulychev and Marius, Minea},
  booktitle={Proceedings of the Spring/Summer Young Researchersâ€™ Colloquium on Software Engineering},
  number={2},
  year={2008}
}

@inproceedings{DBLP:conf/acsac/YamaguchiLR12,
  author    = {Fabian Yamaguchi and
               Markus Lottmann and
               Konrad Rieck},
  title     = {Generalized vulnerability extrapolation using abstract syntax trees},
  booktitle = {28th Annual Computer Security Applications Conference, {ACSAC} 2012,
               Orlando, FL, USA, 3-7 December 2012},
  pages     = {359--368},
  year      = {2012},
  crossref  = {DBLP:conf/acsac/2012},
  url       = {http://doi.acm.org/10.1145/2420950.2421003},
  doi       = {10.1145/2420950.2421003},
  timestamp = {Thu, 20 Dec 2012 09:09:21 +0100},
  biburl    = {http://dblp.uni-trier.de/rec/bib/conf/acsac/YamaguchiLR12},
  bibsource = {dblp computer science bibliography, http://dblp.org}
}
@proceedings{DBLP:conf/acsac/2012,
  editor    = {Robert H'obbes' Zakon},
  title     = {28th Annual Computer Security Applications Conference, {ACSAC} 2012,
               Orlando, FL, USA, 3-7 December 2012},
  publisher = {{ACM}},
  year      = {2012},
  url       = {http://dl.acm.org/citation.cfm?id=2420950},
  isbn      = {978-1-4503-1312-4},
  timestamp = {Thu, 20 Dec 2012 09:02:24 +0100},
  biburl    = {http://dblp.uni-trier.de/rec/bib/conf/acsac/2012},
  bibsource = {dblp computer science bibliography, http://dblp.org}
}

@article{DBLP:journals/sigsoft/NeamtiuFH05,
  author    = {Iulian Neamtiu and
               Jeffrey S. Foster and
               Michael Hicks},
  title     = {Understanding source code evolution using abstract syntax tree matching},
  journal   = {{ACM} {SIGSOFT} Software Engineering Notes},
  volume    = {30},
  number    = {4},
  pages     = {1--5},
  year      = {2005},
  url       = {http://doi.acm.org/10.1145/1082983.1083143},
  doi       = {10.1145/1082983.1083143},
  timestamp = {Thu, 08 May 2008 14:35:31 +0200},
  biburl    = {http://dblp.uni-trier.de/rec/bib/journals/sigsoft/NeamtiuFH05},
  bibsource = {dblp computer science bibliography, http://dblp.org}
}

@proceedings{DBLP:conf/scam/2001,
  title     = {1st {IEEE} International Workshop on Source Code Analysis and Manipulation
               {(SCAM} 2001), 10 November 2001, Florence, Italy},
  publisher = {{IEEE} Computer Society},
  year      = {2001},
  url       = {http://ieeexplore.ieee.org/xpl/mostRecentIssue.jsp?punumber=7667},
  isbn      = {0-7695-1387-5},
  timestamp = {Wed, 15 Apr 2015 18:38:13 +0200},
  biburl    = {http://dblp.uni-trier.de/rec/bib/conf/scam/2001},
  bibsource = {dblp computer science bibliography, http://dblp.org}
}

@article{DBLP:journals/jss/DeanHKV06,
  author    = {Tom Dean and
               Mark Harman and
               Rainer Koschke and
               Michael L. Van de Vanter},
  title     = {Selected papers from the fourth Source Code Analysis and Manipulation
               {(SCAM} 2004) Workshop},
  journal   = {Journal of Systems and Software},
  volume    = {79},
  number    = {9},
  pages     = {1217--1218},
  year      = {2006},
  url       = {http://dx.doi.org/10.1016/j.jss.2006.02.039},
  doi       = {10.1016/j.jss.2006.02.039},
  timestamp = {Tue, 22 May 2012 16:51:31 +0200},
  biburl    = {http://dblp.uni-trier.de/rec/bib/journals/jss/DeanHKV06},
  bibsource = {dblp computer science bibliography, http://dblp.org}
}

@inproceedings{DBLP:conf/icse/Binkley07,
  author    = {David Binkley},
  title     = {Source Code Analysis: {A} Road Map},
  booktitle = {International Conference on Software Engineering, {ISCE} 2007, Workshop
               on the Future of Software Engineering, {FOSE} 2007, May 23-25, 2007,
               Minneapolis, MN, {USA}},
  pages     = {104--119},
  year      = {2007},
  crossref  = {DBLP:conf/icse/2007fose},
  url       = {http://dx.doi.org/10.1109/FOSE.2007.27},
  doi       = {10.1109/FOSE.2007.27},
  timestamp = {Fri, 07 Aug 2015 13:54:16 +0200},
  biburl    = {http://dblp.uni-trier.de/rec/bib/conf/icse/Binkley07},
  bibsource = {dblp computer science bibliography, http://dblp.org}
}

@proceedings{DBLP:conf/icse/2007fose,
  editor    = {Lionel C. Briand and
               Alexander L. Wolf},
  title     = {International Conference on Software Engineering, {ISCE} 2007, Workshop
               on the Future of Software Engineering, {FOSE} 2007, May 23-25, 2007,
               Minneapolis, MN, {USA}},
  publisher = {{IEEE} Computer Society},
  year      = {2007},
  url       = {http://ieeexplore.ieee.org/xpl/mostRecentIssue.jsp?punumber=4221600},
  isbn      = {0-7695-2829-5},
  timestamp = {Fri, 07 Aug 2015 13:54:16 +0200},
  biburl    = {http://dblp.uni-trier.de/rec/bib/conf/icse/2007fose},
  bibsource = {dblp computer science bibliography, http://dblp.org}
}

@article{DBLP:journals/spe/Turner79,
  author    = {D. A. Turner},
  title     = {A New Implementation Technique for Applicative Languages},
  journal   = {Softw., Pract. Exper.},
  volume    = {9},
  number    = {1},
  pages     = {31--49},
  year      = {1979},
  url       = {http://dx.doi.org/10.1002/spe.4380090105},
  doi       = {10.1002/spe.4380090105},
  timestamp = {Sat, 14 Apr 2012 16:35:14 +0200},
  biburl    = {http://dblp.uni-trier.de/rec/bib/journals/spe/Turner79},
  bibsource = {dblp computer science bibliography, http://dblp.org}
}

@inproceedings{DBLP:conf/lfp/BurstallMS80,
  author    = {Rod M. Burstall and
               David B. MacQueen and
               Donald Sannella},
  title     = {{HOPE:} An Experimental Applicative Language},
  booktitle = {{LISP} Conference},
  pages     = {136--143},
  year      = {1980},
  timestamp = {Mon, 16 Dec 2002 13:19:50 +0100},
  biburl    = {http://dblp.uni-trier.de/rec/bib/conf/lfp/BurstallMS80},
  bibsource = {dblp computer science bibliography, http://dblp.org}
}

@inproceedings{DBLP:conf/lfp/Augustsson84,
  author    = {Lennart Augustsson},
  title     = {A Compiler for Lazy {ML}},
  booktitle = {{LISP} and Functional Programming},
  pages     = {218--227},
  year      = {1984},
  timestamp = {Mon, 16 Dec 2002 13:19:15 +0100},
  biburl    = {http://dblp.uni-trier.de/rec/bib/conf/lfp/Augustsson84},
  bibsource = {dblp computer science bibliography, http://dblp.org}
}

@article{DBLP:journals/corr/Antoniotti14,
  author    = {Marco Antoniotti},
  title     = {{CLAZY:} Lazy Calling for Common Lisp},
  journal   = {CoRR},
  volume    = {abs/1412.1393},
  year      = {2014},
  url       = {http://arxiv.org/abs/1412.1393},
  timestamp = {Thu, 01 Jan 2015 19:51:08 +0100},
  biburl    = {http://dblp.uni-trier.de/rec/bib/journals/corr/Antoniotti14},
  bibsource = {dblp computer science bibliography, http://dblp.org}
}

@inproceedings{DBLP:conf/afp/Okasaki96,
  author    = {Chris Okasaki},
  title     = {Functional Data Structures},
  booktitle = {Advanced Functional Programming, Second International School, Olympia,
               WA, USA, August 26-30, 1996, Tutorial Text},
  pages     = {131--158},
  year      = {1996},
  crossref  = {DBLP:conf/afp/1996},
  url       = {http://dx.doi.org/10.1007/3-540-61628-4_5},
  doi       = {10.1007/3-540-61628-4_5},
  timestamp = {Mon, 27 Jun 2011 15:25:33 +0200},
  biburl    = {http://dblp.uni-trier.de/rec/bib/conf/afp/Okasaki96},
  bibsource = {dblp computer science bibliography, http://dblp.org}
}
@proceedings{DBLP:conf/afp/1996,
  editor    = {John Launchbury and
               Erik Meijer and
               Tim Sheard},
  title     = {Advanced Functional Programming, Second International School, Olympia,
               WA, USA, August 26-30, 1996, Tutorial Text},
  series    = {Lecture Notes in Computer Science},
  volume    = {1129},
  publisher = {Springer},
  year      = {1996},
  isbn      = {3-540-61628-4},
  timestamp = {Mon, 13 Jan 2003 09:48:00 +0100},
  biburl    = {http://dblp.uni-trier.de/rec/bib/conf/afp/1996},
  bibsource = {dblp computer science bibliography, http://dblp.org}
}

@article{Geyer-Schulz:1989:MEM:379209.379211,
 author = {Geyer-Schulz, Andreas},
 title = {Memo},
 journal = {SIGAPL APL Quote Quad},
 issue_date = {Dec. 1989},
 volume = {20},
 number = {2},
 month = dec,
 year = {1989},
 issn = {0163-6006},
 pages = {12--27},
 numpages = {16},
 url = {http://doi.acm.org/10.1145/379209.379211},
 doi = {10.1145/379209.379211},
 acmid = {379211},
 publisher = {ACM},
 address = {New York, NY, USA},
}

@inproceedings{DBLP:conf/hopl/HudakHJW07,
  author    = {Paul Hudak and
               John Hughes and
               Simon L. Peyton Jones and
               Philip Wadler},
  title     = {A history of Haskell: being lazy with class},
  booktitle = {Proceedings of the Third {ACM} {SIGPLAN} History of Programming Languages
               Conference (HOPL-III), San Diego, California, USA, 9-10 June 2007},
  pages     = {1--55},
  year      = {2007},
  crossref  = {DBLP:conf/hopl/2007},
  url       = {http://doi.acm.org/10.1145/1238844.1238856},
  doi       = {10.1145/1238844.1238856},
  timestamp = {Tue, 22 May 2012 15:24:55 +0200},
  biburl    = {http://dblp.uni-trier.de/rec/bib/conf/hopl/HudakHJW07},
  bibsource = {dblp computer science bibliography, http://dblp.org}
}
@proceedings{DBLP:conf/hopl/2007,
  editor    = {Barbara G. Ryder and
               Brent Hailpern},
  title     = {Proceedings of the Third {ACM} {SIGPLAN} History of Programming Languages
               Conference (HOPL-III), San Diego, California, USA, 9-10 June 2007},
  publisher = {{ACM}},
  year      = {2007},
  url       = {http://dl.acm.org/citation.cfm?id=1238844},
  timestamp = {Tue, 22 May 2012 15:24:55 +0200},
  biburl    = {http://dblp.uni-trier.de/rec/bib/conf/hopl/2007},
  bibsource = {dblp computer science bibliography, http://dblp.org}
}

@article{DBLP:journals/eatcs/Turner87,
  author    = {David Turner},
  title     = {An overview of Miranda},
  journal   = {Bulletin of the {EATCS}},
  volume    = {33},
  pages     = {103--114},
  year      = {1987},
  timestamp = {Tue, 08 Jul 2003 12:29:44 +0200},
  biburl    = {http://dblp.uni-trier.de/rec/bib/journals/eatcs/Turner87},
  bibsource = {dblp computer science bibliography, http://dblp.org}
}

@inproceedings{DBLP:conf/lcpc/LattnerA04,
  author    = {Chris Lattner and
               Vikram S. Adve},
  title     = {The {LLVM} Compiler Framework and Infrastructure Tutorial},
  booktitle = {Languages and Compilers for High Performance Computing, 17th International
               Workshop, {LCPC} 2004, West Lafayette, IN, USA, September 22-24, 2004,
               Revised Selected Papers},
  pages     = {15--16},
  year      = {2004},
  crossref  = {DBLP:conf/lcpc/2004},
  url       = {http://dx.doi.org/10.1007/11532378_2},
  doi       = {10.1007/11532378_2},
  timestamp = {Fri, 23 Sep 2005 14:19:48 +0200},
  biburl    = {http://dblp.uni-trier.de/rec/bib/conf/lcpc/LattnerA04},
  bibsource = {dblp computer science bibliography, http://dblp.org}
}
@proceedings{DBLP:conf/lcpc/2004,
  editor    = {Rudolf Eigenmann and
               Zhiyuan Li and
               Samuel P. Midkiff},
  title     = {Languages and Compilers for High Performance Computing, 17th International
               Workshop, {LCPC} 2004, West Lafayette, IN, USA, September 22-24, 2004,
               Revised Selected Papers},
  series    = {Lecture Notes in Computer Science},
  volume    = {3602},
  publisher = {Springer},
  year      = {2005},
  isbn      = {3-540-28009-X},
  timestamp = {Fri, 23 Sep 2005 14:19:48 +0200},
  biburl    = {http://dblp.uni-trier.de/rec/bib/conf/lcpc/2004},
  bibsource = {dblp computer science bibliography, http://dblp.org}
}
