@misc{jscodeshift2016,
	author = {Felix Kling},
    title = {{JSCodeshift}},
    howpublished = "\url{http://github.com/facebook/jscodeshift}",
    year = {2016},
    note = "[Online; accessed 16-September-2016]"
}

@misc{eclipse2006,
	author = {Thomas Kuhn, Olivier Thomann},
    title = {{Eclipse Corner Article: Abstract Syntax Tree}},
    howpublished = "\url{https://www.eclipse.org/articles/article.php?file=Article-JavaCodeManipulation_AST/index.html}",
    year = {2006},
    note = "[Online; accessed 16-September-2016]"
}

@misc{netbeans2007,
	author = {Osvaldo Doederlein},
    title = {{NetBeans 6.0: New Core Features in Depth}},
    howpublished = "\url{https://netbeans.org/community/magazine/html/03/nb06/}",
    year = {2007},
    note = "[Online; accessed 16-September-2016]"
}

@misc{jsconf2016,
	author = {Christoph Pojer},
    title = {{Evolving Complex Systems Incrementally}},
    howpublished = "\url{https://www.youtube.com/watch?v=d0pOgY8__JM}",
    year = {2016},
    note = "[Online; accessed 16-September-2016]"
}

@misc{rust2016,
	author = {Steve Klabnik, Guillaume Gomez, Jonathan Turner, Jeremiah Peschka},
    title = {{The Rust Programming Language}},
    howpublished = "\url{https://doc.rust-lang.org/book/match.html}",
    year = {2016},
    note = "[Online; accessed 16-September-2016]"
}

@misc{elm2016,
	author = {Evan Czaplicki},
    title = {{Elm Syntax}},
    howpublished = "\url{http://elm-lang.org/docs/syntax}",
    year = {2016},
    note = "[Online; accessed 16-September-2016]"
}
